<record><leader>00000cas a22000007a 4500</leader><controlfield tag="001">23437314</controlfield><controlfield tag="007">hd afu---buca</controlfield><controlfield tag="008">910408d18081817ctuwr n a     0   a0eng d</controlfield><datafield ind1=" " ind2=" " tag="010"><subfield code="a">sn 91026074 </subfield></datafield><datafield ind1=" " ind2=" " tag="040"><subfield code="a">VA@</subfield><subfield code="b">eng</subfield><subfield code="c">VA@</subfield><subfield code="d">HUL</subfield><subfield code="d">BOS</subfield><subfield code="d">OCLCQ</subfield><subfield code="d">OCLCO</subfield><subfield code="d">OCLCF</subfield></datafield><datafield ind1=" " ind2=" " tag="012"><subfield code="i">9105</subfield></datafield><datafield ind1="1" ind2=" " tag="029"><subfield code="a">AU@</subfield><subfield code="b">000008308489</subfield></datafield><datafield ind1=" " ind2=" " tag="042"><subfield code="a">msc</subfield></datafield><datafield ind1=" " ind2=" " tag="043"><subfield code="a">n-us-ma</subfield></datafield><datafield ind1=" " ind2="4" tag="050"><subfield code="a">AN27.H39</subfield><subfield code="b">M47</subfield></datafield><datafield ind1="0" ind2=" " tag="130"><subfield code="a">Merrimack intelligencer (Haverhill, Mass.)</subfield></datafield><datafield ind1="1" ind2="0" tag="245"><subfield code="a">Merrimack intelligencer</subfield><subfield code="h">[microform].</subfield></datafield><datafield ind1=" " ind2=" " tag="260"><subfield code="a">Haverhill, Mass. :</subfield><subfield code="b">William B. Allen,</subfield><subfield code="c">1808-1817.</subfield></datafield><datafield ind1=" " ind2=" " tag="300"><subfield code="a">9 v.</subfield></datafield><datafield ind1=" " ind2=" " tag="310"><subfield code="a">Weekly</subfield></datafield><datafield ind1="0" ind2=" " tag="362"><subfield code="a">Vol. 1, no. 1 (July 2, 1808)-v. 9, no. 31 (Feb. 8, 1817).</subfield></datafield><datafield ind1=" " ind2=" " tag="500"><subfield code="a">Title from caption.</subfield></datafield><datafield ind1=" " ind2=" " tag="533"><subfield code="a">Microfilm.</subfield><subfield code="b">New Canaan, Ct. :</subfield><subfield code="c">Readex Microprint Corp.</subfield><subfield code="e">3 microfilm reels ; 35 mm.</subfield><subfield code="f">(Early American newspapers).</subfield></datafield><datafield ind1=" " ind2="0" tag="651"><subfield code="a">Haverhill (Mass.)</subfield><subfield code="v">Newspapers.</subfield></datafield><datafield ind1=" " ind2="7" tag="655"><subfield code="a">Newspapers.</subfield><subfield code="2">fast</subfield><subfield code="0">(OCoLC)fst01423814</subfield></datafield><datafield ind1=" " ind2="7" tag="651"><subfield code="a">Massachusetts</subfield><subfield code="z">Haverhill.</subfield><subfield code="2">fast</subfield><subfield code="0">(OCoLC)fst01218279</subfield></datafield><datafield ind1=" " ind2=" " tag="752"><subfield code="a">United States</subfield><subfield code="b">Massachusetts</subfield><subfield code="d">Haverhill.</subfield></datafield><datafield ind1="1" ind2=" " tag="760"><subfield code="t">Early American newspapers</subfield></datafield><datafield ind1=" " ind2="0" tag="830"><subfield code="a">Early American newspapers.</subfield></datafield><datafield ind1=" " ind2=" " tag="850"><subfield code="a">MH</subfield></datafield></record>